<record><leader>00000cas a2200000 a 4500</leader><controlfield tag="001">34020231</controlfield><controlfield tag="007">hd bfu---baat</controlfield><controlfield tag="007">hd afu---bact</controlfield><controlfield tag="008">960112d19121914nbuwr nea     0    0eng d</controlfield><datafield ind1=" " ind2=" " tag="010"><subfield code="a">sn 95073595 </subfield></datafield><datafield ind1=" " ind2=" " tag="040"><subfield code="a">NVG</subfield><subfield code="b">eng</subfield><subfield code="c">NVG</subfield><subfield code="d">OCL</subfield><subfield code="d">OCLCQ</subfield><subfield code="d">OCLCF</subfield><subfield code="d">OCLCO</subfield></datafield><datafield ind1="1" ind2=" " tag="029"><subfield code="a">AU@</subfield><subfield code="b">000012146783</subfield></datafield><datafield ind1=" " ind2=" " tag="042"><subfield code="a">msc</subfield></datafield><datafield ind1=" " ind2=" " tag="043"><subfield code="a">n-us-nb</subfield></datafield><datafield ind1="0" ind2="0" tag="245"><subfield code="a">Superior weekly journal</subfield><subfield code="h">[microform].</subfield></datafield><datafield ind1=" " ind2=" " tag="260"><subfield code="a">Superior, Neb. :</subfield><subfield code="b">W.A. Huff,</subfield><subfield code="c">1912-1914.</subfield></datafield><datafield ind1=" " ind2=" " tag="300"><subfield code="a">2 v.</subfield></datafield><datafield ind1=" " ind2=" " tag="310"><subfield code="a">Weekly</subfield></datafield><datafield ind1="0" ind2=" " tag="362"><subfield code="a">30th year, no. 19 (June 13, 1912)-31st year (Jan. 15, 1914).</subfield></datafield><datafield ind1=" " ind2=" " tag="515"><subfield code="a">Some issues lack issue numbering.</subfield></datafield><datafield ind1=" " ind2=" " tag="580"><subfield code="a">Daily ed.: Superior morning journal, &lt;1913&gt;.</subfield></datafield><datafield ind1=" " ind2=" " tag="580"><subfield code="a">Merged with: Superior morning journal, to form: Superior semi-weekly journal.</subfield></datafield><datafield ind1=" " ind2=" " tag="533"><subfield code="a">Microfilm.</subfield><subfield code="m">1912-1914.</subfield><subfield code="b">Lincoln, Neb. :</subfield><subfield code="c">Nebraska State Historical Society,</subfield><subfield code="d">1973.</subfield><subfield code="e">1 microfilm reel ; 35 mm.</subfield></datafield><datafield ind1=" " ind2="0" tag="651"><subfield code="a">Superior (Neb.)</subfield><subfield code="v">Newspapers.</subfield></datafield><datafield ind1=" " ind2="7" tag="655"><subfield code="a">Newspapers.</subfield><subfield code="2">fast</subfield><subfield code="0">(OCoLC)fst01423814</subfield></datafield><datafield ind1=" " ind2="7" tag="651"><subfield code="a">Nebraska</subfield><subfield code="z">Superior.</subfield><subfield code="2">fast</subfield><subfield code="0">(OCoLC)fst01890198</subfield></datafield><datafield ind1=" " ind2=" " tag="752"><subfield code="a">United States</subfield><subfield code="b">Nebraska</subfield><subfield code="c">Nuckolls</subfield><subfield code="d">Superior.</subfield></datafield><datafield ind1="1" ind2=" " tag="775"><subfield code="t">Superior morning journal</subfield><subfield code="w">(DLC)sn 95073598</subfield></datafield><datafield ind1="0" ind2="0" tag="780"><subfield code="t">Superior journal</subfield><subfield code="w">(DLC)sn 95073594</subfield></datafield><datafield ind1="1" ind2="7" tag="785"><subfield code="t">Superior morning journal</subfield><subfield code="w">(DLC)sn 95073598</subfield></datafield><datafield ind1="1" ind2="7" tag="785"><subfield code="t">Superior semi-weekly journal</subfield><subfield code="w">(DLC)sn 95073599</subfield></datafield></record>